<?xml version="1.0" encoding="UTF-8"?><collection xmlns="http://www.loc.gov/MARC21/slim"><record><leader>00447nam--2200145-i-4500</leader><controlfield tag="001">000011143</controlfield><controlfield tag="002">20161230</controlfield><controlfield tag="005">20161230201029</controlfield><controlfield tag="008">060222s1000------------r-----000-0-eng-d</controlfield><datafield ind1=" " ind2=" " tag="100"><subfield code="a">Daniel, James W.And Moore, Ramon E</subfield></datafield><datafield ind1=" " ind2=" " tag="245"><subfield code="a">Computation and theory in ordinary differential equations</subfield></datafield><datafield ind1=" " ind2=" " tag="260"><subfield code="a">San Francisco, W.H.Freeman And Co., 1970</subfield></datafield><datafield ind1=" " ind2=" " tag="490"><subfield code="a">A Series Of Books In Mathematics</subfield></datafield><datafield ind1=" " ind2=" " tag="852"><subfield code="a">41405</subfield><subfield code="c">517.9</subfield></datafield><datafield ind1=" " ind2=" " tag="CAT"><subfield code="a">Sys</subfield><subfield code="c">20081020</subfield><subfield code="h">125809</subfield></datafield></record></collection>